<record><leader>00000cas a22000007a 4500</leader><controlfield tag="001">18394917</controlfield><controlfield tag="008">880824d18851983mouwr ne      0    0eng d</controlfield><datafield ind1=" " ind2=" " tag="010"><subfield code="a">sn 88084103 </subfield></datafield><datafield ind1=" " ind2=" " tag="040"><subfield code="a">PPM</subfield><subfield code="b">eng</subfield><subfield code="c">PPM</subfield><subfield code="d">MQN</subfield><subfield code="d">OCLCQ</subfield></datafield><datafield ind1=" " ind2=" " tag="042"><subfield code="a">msc</subfield></datafield><datafield ind1="0" ind2=" " tag="130"><subfield code="a">Breckenridge bulletin (Breckenridge, Mo.)</subfield></datafield><datafield ind1="1" ind2="4" tag="245"><subfield code="a">The Breckenridge bulletin.</subfield></datafield><datafield ind1=" " ind2=" " tag="260"><subfield code="a">Breckenridge, Caldwell Co., Mo. :</subfield><subfield code="b">Chas. L. Mowder,</subfield><subfield code="c">1885-1983.</subfield></datafield><datafield ind1=" " ind2=" " tag="310"><subfield code="a">Weekly</subfield></datafield><datafield ind1="0" ind2=" " tag="362"><subfield code="a">Vol. 10, no. 31 (May 14, 1885)-v. 109, no. 17 (Feb. 24, 1983).</subfield></datafield><datafield ind1=" " ind2=" " tag="752"><subfield code="a">United States</subfield><subfield code="b">Missouri</subfield><subfield code="c">Caldwell</subfield><subfield code="d">Breckenridge.</subfield></datafield><datafield ind1="0" ind2="0" tag="780"><subfield code="t">Weekly Breckenridge bulletin</subfield><subfield code="w">(DLC)sn 86053914</subfield></datafield><datafield ind1="0" ind2="7" tag="785"><subfield code="t">Hamilton advocate-Hamiltonian</subfield><subfield code="w">(DLC)sn 89066103</subfield></datafield><datafield ind1="0" ind2="7" tag="785"><subfield code="t">Hamilton advocate-Hamiltonian and the Breckenridge bulletin</subfield><subfield code="w">(DLC)sn 89066331</subfield></datafield></record>